<?xml version="1.0" encoding="UTF-8"?><record xmlns="http://www.loc.gov/MARC21/slim" xmlns:cinclude="http://apache.org/cocoon/include/1.0" xmlns:zs="http://www.loc.gov/zing/srw/">
  <leader>00558nz  a2200145n  4500</leader>
  <controlfield tag="001">no 98026628 </controlfield>
  <controlfield tag="003">DLC</controlfield>
  <controlfield tag="005">19980117062909.9</controlfield>
  <controlfield tag="008">980116n| acannaab|          |n aad     c</controlfield>
  <datafield tag="010" ind1=" " ind2=" ">
    <subfield code="a">no 98026628 </subfield>
  </datafield>
  <datafield tag="035" ind1=" " ind2=" ">
    <subfield code="a">(OCoLC)oca04605195 </subfield>
  </datafield>
  <datafield tag="040" ind1=" " ind2=" ">
    <subfield code="a">OCoLC</subfield>
    <subfield code="c">OCoLC</subfield>
  </datafield>
  <datafield tag="100" ind1="1" ind2="0">
    <subfield code="a">Gerber, Rene휍혖.</subfield>
    <subfield code="t">Concertos.</subfield>
    <subfield code="k">Selections</subfield>
  </datafield>
  <datafield tag="667" ind1=" " ind2=" ">
    <subfield code="a">Machine-derived authority record.</subfield>
  </datafield>
  <datafield tag="670" ind1=" " ind2=" ">
    <subfield code="a">LCCN 93-724413: Gerber, R. Concert en mi be휍혖mol majeur pour orchestre de chambre (1959) ; Concert en la pour orchestre de chambre (1983) ; Concerto pour deux pianos et orchestre (1977), p1989</subfield>
  </datafield>
</record>